<?xml version="1.0" encoding="UTF-8"?><collection xmlns="http://www.loc.gov/MARC21/slim"><record><leader>00417nam--2200145-i-4500</leader><controlfield tag="001">000040767</controlfield><controlfield tag="002">20161230</controlfield><controlfield tag="005">20161230201042</controlfield><controlfield tag="008">060222s1000------------r-----000-0-eng-d</controlfield><datafield ind1=" " ind2=" " tag="080"><subfield code="a">621.039.6</subfield></datafield><datafield ind1=" " ind2=" " tag="100"><subfield code="a">Schuricht,Volkmar</subfield></datafield><datafield ind1=" " ind2=" " tag="245"><subfield code="a">Fusionsreaktoren und umwelt. mit 39 abbildungen und 36 tabellen</subfield></datafield><datafield ind1=" " ind2=" " tag="260"><subfield code="a">Berlin, Akad.Verlag, 1980. 179 P</subfield></datafield><datafield ind1=" " ind2=" " tag="490"><subfield code="a">Wissenschaftliche Taschenbucher, Math.Ph</subfield></datafield><datafield ind1=" " ind2=" " tag="852"><subfield code="a">70732</subfield></datafield></record></collection>